<?xml version="1.0" encoding="UTF-8" ?>
<collection xmlns:xsi="http://www.w3.org/2001/XMLSchema-instance"
    xsi:schemaLocation="http://www.loc.gov/MARC21/slim
        http://www.loc.gov/standards/marcxml/schema/MARC21slim.xsd"
    xmlns="http://www.loc.gov/MARC21/slim">
<record>
  <leader>00187nam a2200325 i 4500</leader>
  <controlfield tag="001">b1827092x</controlfield>
  <controlfield tag="003">LeBAU</controlfield>
  <controlfield tag="005">20140827</controlfield>
  <controlfield tag="008">140811s1949    ir            000 0 ara d</controlfield>
  <datafield tag="040" ind1=" " ind2=" ">
    <subfield code="a">LEAUB</subfield>
    <subfield code="b">ara</subfield>
    <subfield code="e">rda</subfield>
    <subfield code="c">LEAUB</subfield>
  </datafield>
  <datafield tag="082" ind1="0" ind2="4">
    <subfield code="a">133.5</subfield>
    <subfield code="2">23</subfield>
  </datafield>
  <datafield tag="100" ind1="1" ind2=" ">
    <subfield code="6">880-01</subfield>
    <subfield code="a">Ibn Ṭāwūs, ʻAlī ibn Mūsá,</subfield>
    <subfield code="d">1193-1266,</subfield>
    <subfield code="e">author.</subfield>
  </datafield>
  <datafield tag="245" ind1="1" ind2="0">
    <subfield code="6">880-02</subfield>
    <subfield code="a">Faraj al-mahmūm fī ta’rīkh ʻulamāʼ al-nujūm /</subfield>
    <subfield code="c">taṣnīf al-‘ālim al-‘āmil al-‘ābid al-zāhid Raḍī al-Dīn Abī al-Qāsim ‘Alī ibn Mūsá ibn Ja‘far ibn Muḥammad ibn Ṭāwūs al-Ḥasanī al-Ḥusaynī, al-mutawaffá 664 Hj.</subfield>
  </datafield>
  <datafield tag="264" ind1=" " ind2="1">
    <subfield code="6">880-03</subfield>
    <subfield code="a">Qum :</subfield>
    <subfield code="b">Manshūrāt al-Raḍī,</subfield>
    <subfield code="c">1368 [H.], [1949 ?]</subfield>
  </datafield>
  <datafield tag="300" ind1=" " ind2=" ">
    <subfield code="6">880-04</subfield>
    <subfield code="a">260 pages ;</subfield>
    <subfield code="c">22 cm</subfield>
  </datafield>
  <datafield tag="336" ind1=" " ind2=" ">
    <subfield code="a">text</subfield>
    <subfield code="b">txt</subfield>
    <subfield code="2">rdacontent</subfield>
  </datafield>
  <datafield tag="337" ind1=" " ind2=" ">
    <subfield code="a">unmediated</subfield>
    <subfield code="b">n</subfield>
    <subfield code="2">rdamedia</subfield>
  </datafield>
  <datafield tag="338" ind1=" " ind2=" ">
    <subfield code="a">volume</subfield>
    <subfield code="b">nc</subfield>
    <subfield code="2">rdacarrier</subfield>
  </datafield>
  <datafield tag="500" ind1=" " ind2=" ">
    <subfield code="a">في رأس العنوان: وعلامات وبالنجم هم يهتدون.</subfield>
  </datafield>
  <datafield tag="650" ind1=" " ind2="4">
    <subfield code="a">علم التنجيم العربي</subfield>
    <subfield code="v">أعمال قديمة حتى 1800.</subfield>
  </datafield>
  <datafield tag="650" ind1=" " ind2="0">
    <subfield code="a">Astrology, Arab</subfield>
    <subfield code="v">Early works to 1800.</subfield>
  </datafield>
  <datafield tag="852" ind1=" " ind2=" ">
    <subfield code="a">Jafet Library</subfield>
    <subfield code="e">American University of Beirut, Bliss Street, Beirut, Lebanon.‎</subfield>
  </datafield>
  <datafield tag="880" ind1="1" ind2=" ">
    <subfield code="6">100-01/(3/r</subfield>
    <subfield code="a">إبن طاووس، علي بن موسى،</subfield>
    <subfield code="d">1193-1266،</subfield>
    <subfield code="e">مؤلف. </subfield>
    <subfield code="4">aut.</subfield>
  </datafield>
  <datafield tag="880" ind1="1" ind2="0">
    <subfield code="6">245-02/(3/r</subfield>
    <subfield code="a">فرج المهموم في تأريخ علماء النجوم /</subfield>
    <subfield code="c">تصنيف العالم العامل العابد الزاهد رضي الدين أبي القاسم علي بن موسى بن جعفر بن محمد بن طاووس الحسني الحسيني، المتوفى 664 هج.</subfield>
  </datafield>
  <datafield tag="880" ind1=" " ind2="1">
    <subfield code="6">264-03/(3/r</subfield>
    <subfield code="a">قم :</subfield>
    <subfield code="b">منشورات الرضي،</subfield>
    <subfield code="c">1368 [هـ.]، [1949؟ م.]</subfield>
  </datafield>
  <datafield tag="880" ind1=" " ind2=" ">
    <subfield code="6">300-04/(3/r</subfield>
    <subfield code="a">260 صفحة ؛</subfield>
    <subfield code="c">22 سم</subfield>
  </datafield>
  <datafield tag="907" ind1=" " ind2=" ">
    <subfield code="a">.b1827092x</subfield>
    <subfield code="b">16-02-03</subfield>
    <subfield code="c">14-08-11</subfield>
  </datafield>
  <datafield tag="907" ind1=" " ind2=" ">
    <subfield code="a">.b1827092x</subfield>
    <subfield code="b">15-10-30</subfield>
    <subfield code="c">14-08-11</subfield>
  </datafield>
  <datafield tag="945" ind1=" " ind2=" ">
    <subfield code="f">J</subfield>
    <subfield code="a">133.5:T234fA:1949</subfield>
    <subfield code="g">1</subfield>
    <subfield code="i">00505894</subfield>
    <subfield code="j">.i19797175</subfield>
    <subfield code="l">u0503</subfield>
  </datafield>
  <datafield tag="998" ind1=" " ind2=" ">
    <subfield code="a">u05</subfield>
    <subfield code="b">14-08-14</subfield>
    <subfield code="c">m</subfield>
    <subfield code="d">a</subfield>
    <subfield code="e">-</subfield>
    <subfield code="f">ara</subfield>
    <subfield code="g">ir </subfield>
    <subfield code="h">0</subfield>
    <subfield code="i">0</subfield>
  </datafield>
</record>
</collection>
